<?xml version="1.0" encoding="UTF-8"?><collection xmlns="http://www.loc.gov/MARC21/slim"><record><leader>00345nam--2200121-i-4500</leader><controlfield tag="001">000030247</controlfield><controlfield tag="002">20161230</controlfield><controlfield tag="005">20161230201038</controlfield><controlfield tag="008">060222s1000------------r-----000-0-eng-d</controlfield><datafield ind1=" " ind2=" " tag="100"><subfield code="a">Lungu, Traian P</subfield></datafield><datafield ind1=" " ind2=" " tag="245"><subfield code="a">Viata politica in romania la sfirsitul secolului al xix-lea (1888-1899)</subfield></datafield><datafield ind1=" " ind2=" " tag="260"><subfield code="a">Bucuresti, Ed.Stiintifica, 1967, 288p</subfield></datafield><datafield ind1=" " ind2=" " tag="852"><subfield code="a">28165</subfield></datafield></record></collection>